@inproceedings{grierson2010maximilian,
    title={Maximilian: A cross platform c++ audio synthesis library for artists learning to program},
    author={Grierson, Mick},
    booktitle={Proceedings of the International Computer Music Conference, New York},
    year={2010}
}
